<?xml version="1.0" encoding="UTF-8"?><collection xmlns="http://www.loc.gov/MARC21/slim"><record><leader>00476nam--2200181-u-4500</leader><controlfield tag="001">000052516</controlfield><controlfield tag="002">20161230</controlfield><controlfield tag="005">20161230201050</controlfield><controlfield tag="008">100827s1000------------r-----000-0-rum-d</controlfield><datafield ind1=" " ind2=" " tag="040"><subfield code="a">IFIN-HH</subfield></datafield><datafield ind1=" " ind2=" " tag="041"><subfield code="a">rum</subfield></datafield><datafield ind1=" " ind2=" " tag="080"><subfield code="a">532.5</subfield></datafield><datafield ind1="1" ind2=" " tag="100"><subfield code="a">Georgescu, Adelina</subfield></datafield><datafield ind1="1" ind2="0" tag="245"><subfield code="a">Teoria stabilitatii hidrodinamice</subfield><subfield code="c">Adelina Georgescu</subfield></datafield><datafield ind1=" " ind2=" " tag="260"><subfield code="a">Bucuresti</subfield><subfield code="b">Editura stiintifica si enciclopedica</subfield><subfield code="c">1976</subfield></datafield><datafield ind1=" " ind2=" " tag="300"><subfield code="a">237 p</subfield></datafield><datafield ind1=" " ind2=" " tag="852"><subfield code="a">76226</subfield><subfield code="c">532</subfield></datafield><datafield ind1=" " ind2=" " tag="CAT"><subfield code="a">Sys</subfield><subfield code="c">20100827</subfield><subfield code="h">091521</subfield></datafield></record></collection>